@book{aw,
  title={Mathematical methods for physicists},
  author={Arfken, George B and Weber, Hans J},
  year={2004},
  publisher={Academic Press Inc.}
}
@book{dk,
  title={Mathematics for physicists},
  author={Dennery, Philippe and Krzywicki, Andr{\'e}},
  year={2012},
  publisher={Courier Corporation}
}
@book{ww,
  title={A course of modern analysis},
  author={Whittaker, Edmund Taylor and Watson, George Neville},
  year={2020},
  publisher={Cambridge University Press}
}
@book{ahlfors1966complex,
  title={Complex analysis: an introduction to the theory of analytic functions 
         of one complex variable},
  author={Ahlfors, Lars Valerian},
  year={1966},
  publisher={McGraw-Hill New York}
}
@book{ablowitz2003complex,
  title={Complex variables: introduction and applications},
  author={Ablowitz, Mark J and Fokas, Athanassios S and Fokas, Athanassios S},
  year={2003},
  publisher={Cambridge University Press}
}


