@book{pb,
  title={Probability and Measure},
  author={Billingsley, Patrick},
  year={1994},
  publisher={Wiley India Pvt Ltd}
}
