@book{tao2014a1,
  title={Analysis {I}},
  author={Tao, Terence},
  year={2014},
  publisher={Hindustan Book Agency}
}
@book{tao2014a2,
  title={Analysis {II}},
  author={Tao, Terence},
  year={2014},
  publisher={Hindustan Book Agency}
}
