@book{halmos1960naive,
	title="Naive Set Theory",
	author="Paul Richard {Halmos}",
	notes="Sourced from Microsoft Academic - https://academic.microsoft.com/paper/2056145119",
	year="1960"
}
@book{lewis1981elements,
	title="Elements of the Theory of Computation",
	author="Harry R. {Lewis} and Christos H. {Papadimitriou}",
	notes="Sourced from Microsoft Academic - https://academic.microsoft.com/paper/2331953749",
	year="1981"
}
@book{tao2009analysis,
  title={Analysis I},
  author={Tao, Terence},
  volume={185},
  year={2009},
  publisher={Springer}
}
@book{hardy1992mathematician,
  title={A mathematician's apology},
  author={Hardy, Godfrey Harold},
  year={1992},
  publisher={Cambridge University Press}
}